%gpt
@article{brown2020language, title={Language Models are Few-Shot Learners}, author={Brown, Tom B and Mann, Benjamin and Ryder, Nick and Subbiah, Melanie and Kaplan, Jared and Dhariwal, Prafulla and Neelakantan, Arvind and Shyam, Pranav and Sastry, Girish and Askell, Amanda and others}, journal={arXiv preprint arXiv:2005.14165}, year={2020} }

@article{chen2023gpt4, title={GPT-4 Technical Report}, author={Chen, Mark and Radford, Alec and Child, Rewon and Wu, Jeff and Jun, Heewoo and Luan, David and Sutskever, Ilya}, journal={arXiv preprint arXiv:2303.08774v2}, year={2023} }
%law
@misc{netsecuritylaw,
	title={中华人民共和国网络安全法},
	author={{中华人民共和国全国人民代表大会常务委员会}},
	year={2021},
	howpublished = {\url{http://www.npc.gov.cn/npc/c30834/202106/7c9af12f51334a73b56d7938f99a788a.shtml}}
}

@misc{personal_information_protection_law,
	title={中华人民共和国个人信息保护法},
	author={{中华人民共和国全国人民代表大会常务委员会}},
	year={2021},
	howpublished = {\url{http://www.npc.gov.cn/npc/c30834/202108/a8c4e3672c74491a80b53a172bb753fe.shtml}}
}

% --------------------
% work one
@article{erickson2017machine,
  title     = {Machine learning for medical imaging},
  author    = {Erickson, Bradley J and Korfiatis, Panagiotis and Akkus, Zeynettin and Kline, Timothy L},
  journal   = {Radiographics},
  volume    = {37},
  number    = {2},
  pages     = {505--515},
  year      = {2017},
  publisher = {Radiological Society of North America}
}
@article{kairouz2019advances,
  title   = {Advances and open problems in federated learning},
  author  = {Kairouz, Peter and McMahan, H Brendan and Avent, Brendan and Bellet, Aur{\'e}lien and Bennis, Mehdi and Bhagoji, Arjun Nitin and Bonawitz, Kallista and Charles, Zachary and Cormode, Graham and Cummings, Rachel and others},
  journal = {arXiv preprint arXiv:1912.04977},
  year    = {2019}
}
@article{mothukuri2021survey,
  title     = {A survey on security and privacy of federated learning},
  author    = {Mothukuri, Viraaji and Parizi, Reza M and Pouriyeh, Seyedamin and Huang, Yan and Dehghantanha, Ali and Srivastava, Gautam},
  journal   = {Future Generation Computer Systems},
  volume    = {115},
  pages     = {619--640},
  year      = {2021},
  publisher = {Elsevier}
}

@inproceedings{bonawitz2017practical,
  title     = {Practical secure aggregation for privacy-preserving machine learning},
  author    = {Bonawitz, Keith and Ivanov, Vladimir and Kreuter, Ben and Marcedone, Antonio and McMahan, H Brendan and Patel, Sarvar and Ramage, Daniel and Segal, Aaron and Seth, Karn},
  booktitle = {proceedings of the 2017 ACM SIGSAC Conference on Computer and Communications Security},
  pages     = {1175--1191},
  year      = {2017}
}
@article{so2021turbo,
  title     = {Turbo-aggregate: Breaking the quadratic aggregation barrier in secure federated learning},
  author    = {So, Jinhyun and G{\"u}ler, Ba{\c{s}}ak and Avestimehr, A Salman},
  journal   = {IEEE Journal on Selected Areas in Information Theory},
  volume    = {2},
  number    = {1},
  pages     = {479--489},
  year      = {2021},
  publisher = {IEEE}
}
@article{sav2020poseidon,
  title   = {POSEIDON: Privacy-preserving federated neural network learning},
  author  = {Sav, Sinem and Pyrgelis, Apostolos and Troncoso-Pastoriza, Juan R and Froelicher, David and Bossuat, Jean-Philippe and Sousa, Joao Sa and Hubaux, Jean-Pierre},
  journal = {arXiv preprint arXiv:2009.00349},
  year    = {2020}
}
@article{ma2021privacy,
  title   = {Privacy-preserving Federated Learning based on Multi-key Homomorphic Encryption},
  author  = {Ma, Jing and Naas, Si-Ahmed and Sigg, Stephan and Lyu, Xixiang},
  journal = {arXiv preprint arXiv:2104.06824},
  year    = {2021}
}
@inproceedings{fereidooni2021safelearn,
  title        = {SAFELearn: secure aggregation for private federated learning},
  author       = {Fereidooni, Hossein and Marchal, Samuel and Miettinen, Markus and Mirhoseini, Azalia and M{\"o}llering, Helen and Nguyen, Thien Duc and Rieger, Phillip and Sadeghi, Ahmad-Reza and Schneider, Thomas and Yalame, Hossein and others},
  booktitle    = {2021 IEEE Security and Privacy Workshops (SPW)},
  pages        = {56--62},
  year         = {2021},
  organization = {IEEE}
}
@article{he2020secure,
  title   = {Secure byzantine-robust machine learning},
  author  = {He, Lie and Karimireddy, Sai Praneeth and Jaggi, Martin},
  journal = {arXiv preprint arXiv:2006.04747},
  year    = {2020}
}
@article{nguyen2021flguard,
  title   = {FLGUARD: Secure and Private Federated Learning},
  author  = {Nguyen, Thien Duc and Rieger, Phillip and Yalame, Hossein and M{\"o}llering, Helen and Fereidooni, Hossein and Marchal, Samuel and Miettinen, Markus and Mirhoseini, Azalia and Sadeghi, Ahmad-Reza and Schneider, Thomas and others},
  journal = {arXiv preprint arXiv:2101.02281},
  year    = {2021}
}
@article{so2020byzantine,
  title     = {Byzantine-resilient secure federated learning},
  author    = {So, Jinhyun and G{\"u}ler, Ba{\c{s}}ak and Avestimehr, A Salman},
  journal   = {IEEE Journal on Selected Areas in Communications},
  year      = {2020},
  publisher = {IEEE}
}
@article{zhao2021sear,
  title     = {Sear: Secure and efficient aggregation for byzantine-robust federated learning},
  author    = {Zhao, Lingchen and Jiang, Jianlin and Feng, Bo and Wang, Qian and Shen, Chao and Li, Qi},
  journal   = {IEEE Transactions on Dependable and Secure Computing},
  year      = {2021},
  publisher = {IEEE}
}
@article{cao2020fltrust,
  title   = {FLTrust: Byzantine-robust Federated Learning via Trust Bootstrapping},
  author  = {Cao, Xiaoyu and Fang, Minghong and Liu, Jia and Gong, Neil Zhenqiang},
  journal = {arXiv preprint arXiv:2012.13995},
  year    = {2020}
}
@inproceedings{data2021byzantine,
  title        = {Byzantine-resilient high-dimensional sgd with local iterations on heterogeneous data},
  author       = {Data, Deepesh and Diggavi, Suhas},
  booktitle    = {International Conference on Machine Learning},
  pages        = {2478--2488},
  year         = {2021},
  organization = {PMLR}
}
@inproceedings{blanchard2017machine,
  title     = {Machine learning with adversaries: Byzantine tolerant gradient descent},
  author    = {Blanchard, Peva and El Mhamdi, El Mahdi and Guerraoui, Rachid and Stainer, Julien},
  booktitle = {Proceedings of the 31st International Conference on Neural Information Processing Systems},
  pages     = {118--128},
  year      = {2017}
}
@inproceedings{guerraoui2018hidden,
  title        = {The hidden vulnerability of distributed learning in byzantium},
  author       = {Guerraoui, Rachid and Rouault, S{\'e}bastien and others},
  booktitle    = {International Conference on Machine Learning},
  pages        = {3521--3530},
  year         = {2018},
  organization = {PMLR}
}
@inproceedings{yin2018byzantine,
  title        = {Byzantine-robust distributed learning: Towards optimal statistical rates},
  author       = {Yin, Dong and Chen, Yudong and Kannan, Ramchandran and Bartlett, Peter},
  booktitle    = {International Conference on Machine Learning},
  pages        = {5650--5659},
  year         = {2018},
  organization = {PMLR}
}
@techreport{mouchet2020multiparty,
  title       = {Multiparty homomorphic encryption from ring-learning-with-errors},
  author      = {Mouchet, Christian and Troncoso-Pastoriza, Juan and Bossuat, Jean-Philippe and Hubaux, Jean-Pierre},
  year        = {2020},
  institution = {Cryptology ePrint Archive, Report 2020/304. https://eprint. iacr. org/2020/304}
}
@misc{lattigo,
  title        = {Lattigo v2.3.0},
  howpublished = {Online: \url{https://github.com/ldsec/lattigo}},
  month        = Oct,
  year         = 2021,
  note         = {EPFL-LDS}
}
@inproceedings{cheon2017homomorphic,
  title        = {Homomorphic encryption for arithmetic of approximate numbers},
  author       = {Cheon, Jung Hee and Kim, Andrey and Kim, Miran and Song, Yongsoo},
  booktitle    = {International Conference on the Theory and Application of Cryptology and Information Security},
  pages        = {409--437},
  year         = {2017},
  organization = {Springer}
}
@inproceedings{bagdasaryan2020backdoor,
  title        = {How to backdoor federated learning},
  author       = {Bagdasaryan, Eugene and Veit, Andreas and Hua, Yiqing and Estrin, Deborah and Shmatikov, Vitaly},
  booktitle    = {International Conference on Artificial Intelligence and Statistics},
  pages        = {2938--2948},
  year         = {2020},
  organization = {PMLR}
}
@inproceedings{liu2020fedsel,
  title        = {Fedsel: Federated sgd under local differential privacy with top-k dimension selection},
  author       = {Liu, Ruixuan and Cao, Yang and Yoshikawa, Masatoshi and Chen, Hong},
  booktitle    = {International Conference on Database Systems for Advanced Applications},
  pages        = {485--501},
  year         = {2020},
  organization = {Springer}
}
@article{tramer2018slalom,
  title   = {Slalom: Fast, verifiable and private execution of neural networks in trusted hardware},
  author  = {Tramer, Florian and Boneh, Dan},
  journal = {arXiv preprint arXiv:1806.03287},
  year    = {2018}
}
@article{mo2021ppfl,
  title   = {PPFL: privacy-preserving federated learning with trusted execution environments},
  author  = {Mo, Fan and Haddadi, Hamed and Katevas, Kleomenis and Marin, Eduard and Perino, Diego and Kourtellis, Nicolas},
  journal = {arXiv preprint arXiv:2104.14380},
  year    = {2021}
}
@article{chen2017distributed,
  title     = {Distributed statistical machine learning in adversarial settings: Byzantine gradient descent},
  author    = {Chen, Yudong and Su, Lili and Xu, Jiaming},
  journal   = {Proceedings of the ACM on Measurement and Analysis of Computing Systems},
  volume    = {1},
  number    = {2},
  pages     = {1--25},
  year      = {2017},
  publisher = {ACM New York, NY, USA}
}
@inproceedings{lindner2011better,
  title        = {Better key sizes (and attacks) for LWE-based encryption},
  author       = {Lindner, Richard and Peikert, Chris},
  booktitle    = {Cryptographers’ Track at the RSA Conference},
  pages        = {319--339},
  year         = {2011},
  organization = {Springer}
}
@inproceedings{lyubashevsky2010ideal,
  title        = {On ideal lattices and learning with errors over rings},
  author       = {Lyubashevsky, Vadim and Peikert, Chris and Regev, Oded},
  booktitle    = {Annual international conference on the theory and applications of cryptographic techniques},
  pages        = {1--23},
  year         = {2010},
  organization = {Springer}
}
@article{albrecht2019homomorphic,
  title   = {Homomorphic Encryption Standard.},
  author  = {Albrecht, Martin R and Chase, Melissa and Chen, Hao and Ding, Jintai and Goldwasser, Shafi and Gorbunov, Sergey and Halevi, Shai and Hoffstein, Jeffrey and Laine, Kim and Lauter, Kristin E and others},
  journal = {IACR Cryptol. ePrint Arch.},
  volume  = {2019},
  pages   = {939},
  year    = {2019}
}
@article{albrecht2015concrete,
  title   = {On the concrete hardness of learning with errors},
  author  = {Albrecht, Martin R and Player, Rachel and Scott, Sam},
  journal = {Journal of Mathematical Cryptology},
  volume  = {9},
  number  = {3},
  pages   = {169--203},
  year    = {2015}
}
@article{niknam2020federated,
  title     = {Federated learning for wireless communications: Motivation, opportunities, and challenges},
  author    = {Niknam, Solmaz and Dhillon, Harpreet S and Reed, Jeffrey H},
  journal   = {IEEE Communications Magazine},
  volume    = {58},
  number    = {6},
  pages     = {46--51},
  year      = {2020},
  publisher = {IEEE}
}
@inproceedings{li2019privacy,
  title        = {Privacy-preserving federated brain tumour segmentation},
  author       = {Li, Wenqi and Milletar{\`\i}, Fausto and Xu, Daguang and Rieke, Nicola and Hancox, Jonny and Zhu, Wentao and Baust, Maximilian and Cheng, Yan and Ourselin, S{\'e}bastien and Cardoso, M Jorge and others},
  booktitle    = {International workshop on machine learning in medical imaging},
  pages        = {133--141},
  year         = {2019},
  organization = {Springer}
}
@inproceedings{nasr2019comprehensive,
  title        = {Comprehensive privacy analysis of deep learning: Passive and active white-box inference attacks against centralized and federated learning},
  author       = {Nasr, Milad and Shokri, Reza and Houmansadr, Amir},
  booktitle    = {2019 IEEE symposium on security and privacy (SP)},
  pages        = {739--753},
  year         = {2019},
  organization = {IEEE}
}

% --------------------
% work one

@inproceedings{briggs2020federated,
  title={Federated learning with hierarchical clustering of local updates to improve training on non-IID data},
  author={Briggs, Christopher and Fan, Zhong and Andras, Peter},
  booktitle={2020 International Joint Conference on Neural Networks (IJCNN)},
  pages={1--9},
  year={2020},
  organization={IEEE}
}
 
 @inproceedings{rathee2021sirnn,
  title={SiRnn: A math library for secure RNN inference},
  author={Rathee, Deevashwer and Rathee, Mayank and Goli, Rahul Kranti Kiran and Gupta, Divya and Sharma, Rahul and Chandran, Nishanth and Rastogi, Aseem},
  booktitle={2021 IEEE Symposium on Security and Privacy (SP)},
  pages={1003--1020},
  year={2021},
  organization={IEEE}
}

@article{sattler2020clustered,
  title={Clustered federated learning: Model-agnostic distributed multitask optimization under privacy constraints},
  author={Sattler, Felix and M{\"u}ller, Klaus-Robert and Samek, Wojciech},
  journal={IEEE transactions on neural networks and learning systems},
  volume={32},
  number={8},
  pages={3710--3722},
  year={2020},
  publisher={IEEE}
}

@incollection{diffie2022new,
  title={New directions in cryptography},
  author={Diffie, Whitfield and Hellman, Martin E},
  booktitle={Democratizing Cryptography: The Work of Whitfield Diffie and Martin Hellman},
  pages={365--390},
  year={2022}
}
%intro cite
@article{hard2018federated,
  title={Federated learning for mobile keyboard prediction},
  author={Hard, Andrew and Rao, Kanishka and Mathews, Rajiv and Ramaswamy, Swaroop and Beaufays, Fran{\c{c}}oise and Augenstein, Sean and Eichner, Hubert and Kiddon, Chlo{\'e} and Ramage, Daniel},
  journal={arXiv preprint arXiv:1811.03604},
  year={2018}
}
@article{li2020deepfed,
  title={DeepFed: Federated deep learning for intrusion detection in industrial cyber--physical systems},
  author={Li, Beibei and Wu, Yuhao and Song, Jiarui and Lu, Rongxing and Li, Tao and Zhao, Liang},
  journal={IEEE Transactions on Industrial Informatics},
  volume={17},
  number={8},
  pages={5615--5624},
  year={2020},
  publisher={IEEE}
}

@inproceedings{DBLP:conf/ndss/CaoF0G21,
	title={FLTrust: Byzantine-robust Federated Learning via Trust Bootstrapping.},
	author={ Cao, X.  and  Fang, M.  and  Liu, J.  and  Gong, N. Z. },
	booktitle={Network and Distributed System Security Symposium},
	year={2021},
}

@inproceedings{gao2021privacy,
  title={Privacy-preserving collaborative learning with automatic transformation search},
  author={Gao, Wei and Guo, Shangwei and Zhang, Tianwei and Qiu, Han and Wen, Yonggang and Liu, Yang},
  booktitle={Proceedings of the IEEE/CVF Conference on Computer Vision and Pattern Recognition},
  pages={114--123},
  year={2021}
}

@article{zhu2019deep,
  title={Deep leakage from gradients},
  author={Zhu, Ligeng and Liu, Zhijian and Han, Song},
  journal={Advances in neural information processing systems},
  volume={32},
  year={2019}
}

%pre site
@article{kairouz2021advances,
  title={Advances and open problems in federated learning},
  author={Kairouz, Peter and McMahan, H Brendan and Avent, Brendan and Bellet, Aur{\'e}lien and Bennis, Mehdi and Bhagoji, Arjun Nitin and Bonawitz, Kallista and Charles, Zachary and Cormode, Graham and Cummings, Rachel and others},
  journal={Foundations and Trends{\textregistered} in Machine Learning},
  volume={14},
  number={1--2},
  pages={1--210},
  year={2021},
  publisher={Now Publishers, Inc.}
}

@article{li2021survey,
  title={A survey on federated learning systems: vision, hype and reality for data privacy and protection},
  author={Li, Qinbin and Wen, Zeyi and Wu, Zhaomin and Hu, Sixu and Wang, Naibo and Li, Yuan and Liu, Xu and He, Bingsheng},
  journal={IEEE Transactions on Knowledge and Data Engineering},
  year={2021},
  publisher={IEEE}
}

@article{kaissis2020secure,
  title={Secure, privacy-preserving and federated machine learning in medical imaging},
  author={Kaissis, Georgios A and Makowski, Marcus R and R{\"u}ckert, Daniel and Braren, Rickmer F},
  journal={Nature Machine Intelligence},
  volume={2},
  number={6},
  pages={305--311},
  year={2020},
  publisher={Nature Publishing Group UK London}
}

@article{shamir1979share,
  title={How to share a secret},
  author={Shamir, Adi},
  journal={Communications of the ACM},
  volume={22},
  number={11},
  pages={612--613},
  year={1979},
  publisher={ACm New York, NY, USA}
}

@inproceedings{rathee2020cryptflow2,
  title={CrypTFlow2: Practical 2-party secure inference},
  author={Rathee, Deevashwer and Rathee, Mayank and Kumar, Nishant and Chandran, Nishanth and Gupta, Divya and Rastogi, Aseem and Sharma, Rahul},
  booktitle={Proceedings of the 2020 ACM SIGSAC Conference on Computer and Communications Security},
  pages={325--342},
  year={2020}
}

@inproceedings{yao1982theory,
  title={Theory and application of trapdoor functions},
  author={Yao, Andrew C},
  booktitle={23rd Annual Symposium on Foundations of Computer Science (SFCS 1982)},
  pages={80--91},
  year={1982},
  organization={IEEE}
}

@inproceedings{nguyen2022flame,
  title={\{FLAME\}: Taming backdoors in federated learning},
  author={Nguyen, Thien Duc and Rieger, Phillip and Chen, Huili and Yalame, Hossein and M{\"o}llering, Helen and Fereidooni, Hossein and Marchal, Samuel and Miettinen, Markus and Mirhoseini, Azalia and Zeitouni, Shaza and others},
  booktitle={31st USENIX Security Symposium (USENIX Security 22)},
  pages={1415--1432},
  year={2022}
}

% noniid data share
@article{zhao2018federated,
  title={Federated learning with non-iid data},
  author={Zhao, Yue and Li, Meng and Lai, Liangzhen and Suda, Naveen and Civin, Damon and Chandra, Vikas},
  journal={arXiv preprint arXiv:1806.00582},
  year={2018}
}

@inproceedings{tuor2021overcoming,
  title={Overcoming noisy and irrelevant data in federated learning},
  author={Tuor, Tiffany and Wang, Shiqiang and Ko, Bong Jun and Liu, Changchang and Leung, Kin K},
  booktitle={2020 25th International Conference on Pattern Recognition (ICPR)},
  pages={5020--5027},
  year={2021},
  organization={IEEE}
}
%fedavg
@inproceedings{mcmahan2017communication,
  title={Communication-efficient learning of deep networks from decentralized data},
  author={McMahan, Brendan and Moore, Eider and Ramage, Daniel and Hampson, Seth and y Arcas, Blaise Aguera},
  booktitle={Artificial intelligence and statistics},
  pages={1273--1282},
  year={2017},
  organization={PMLR}
}
%local fine tune
@article{li2020federated,
  title={Federated optimization in heterogeneous networks},
  author={Li, Tian and Sahu, Anit Kumar and Zaheer, Manzil and Sanjabi, Maziar and Talwalkar, Ameet and Smith, Virginia},
  journal={Proceedings of Machine learning and systems},
  volume={2},
  pages={429--450},
  year={2020}
}
@inproceedings{gao2022feddc,
  title={Feddc: Federated learning with non-iid data via local drift decoupling and correction},
  author={Gao, Liang and Fu, Huazhu and Li, Li and Chen, Yingwen and Xu, Ming and Xu, Cheng-Zhong},
  booktitle={Proceedings of the IEEE/CVF Conference on Computer Vision and Pattern Recognition},
  pages={10112--10121},
  year={2022}
}
%cluster based
@article{ghosh2020efficient,
  title={An efficient framework for clustered federated learning},
  author={Ghosh, Avishek and Chung, Jichan and Yin, Dong and Ramchandran, Kannan},
  journal={Advances in Neural Information Processing Systems},
  volume={33},
  pages={19586--19597},
  year={2020}
}

%ppfl + noniid
@article{xiong2021privacy,
  title={Privacy threat and defense for federated learning with non-iid data in AIoT},
  author={Xiong, Zuobin and Cai, Zhipeng and Takabi, Daniel and Li, Wei},
  journal={IEEE Transactions on Industrial Informatics},
  volume={18},
  number={2},
  pages={1310--1321},
  year={2021},
  publisher={IEEE}
} 

%ppfl
@article{geiping2020inverting,
  title={Inverting gradients-how easy is it to break privacy in federated learning?},
  author={Geiping, Jonas and Bauermeister, Hartmut and Dr{\"o}ge, Hannah and Moeller, Michael},
  journal={Advances in Neural Information Processing Systems},
  volume={33},
  pages={16937--16947},
  year={2020}
}
%DP
@inproceedings{shokri2015privacy,
  title={Privacy-preserving deep learning},
  author={Shokri, Reza and Shmatikov, Vitaly},
  booktitle={Proceedings of the 22nd ACM SIGSAC conference on computer and communications security},
  pages={1310--1321},
  year={2015}
}
%SMC
@inproceedings{hao2021efficient,
  title={Efficient, private and robust federated learning},
  author={Hao, Meng and Li, Hongwei and Xu, Guowen and Chen, Hanxiao and Zhang, Tianwei},
  booktitle={Annual Computer Security Applications Conference},
  pages={45--60},
  year={2021}
}

@inproceedings{dong2021flod,
  title={FLOD: Oblivious defender for private Byzantine-robust federated learning with dishonest-majority},
  author={Dong, Ye and Chen, Xiaojun and Li, Kaiyun and Wang, Dakui and Zeng, Shuai},
  booktitle={Computer Security--ESORICS 2021: 26th European Symposium on Research in Computer Security, Darmstadt, Germany, October 4--8, 2021, Proceedings, Part I},
  pages={497--518},
  year={2021},
  organization={Springer}
}
%HE
@article{aono2017privacy,
  title={Privacy-preserving deep learning via additively homomorphic encryption},
  author={Aono, Yoshinori and Hayashi, Takuya and Wang, Lihua and Moriai, Shiho and others},
  journal={IEEE Transactions on Information Forensics and Security},
  volume={13},
  number={5},
  pages={1333--1345},
  year={2017},
  publisher={IEEE}
}

@article{liu2021privacy,
  title={Privacy-enhanced federated learning against poisoning adversaries},
  author={Liu, Xiaoyuan and Li, Hongwei and Xu, Guowen and Chen, Zongqi and Huang, Xiaoming and Lu, Rongxing},
  journal={IEEE Transactions on Information Forensics and Security},
  volume={16},
  pages={4574--4588},
  year={2021},
  publisher={IEEE}
}

@inproceedings{zhang2020batchcrypt,
  title={Batchcrypt: Efficient homomorphic encryption for cross-silo federated learning},
  author={Zhang, Chengliang and Li, Suyi and Xia, Junzhe and Wang, Wei and Yan, Feng and Liu, Yang},
  booktitle={Proceedings of the 2020 USENIX Annual Technical Conference (USENIX ATC 2020)},
  year={2020}
}
%flame building
@inproceedings{bozdemir2021privacy,
  title={Privacy-preserving density-based clustering},
  author={Bozdemir, Beyza and Canard, S{\'e}bastien and Ermis, Orhan and M{\"o}llering, Helen and {\"O}nen, Melek and Schneider, Thomas},
  booktitle={Proceedings of the 2021 ACM Asia Conference on Computer and Communications Security},
  pages={658--671},
  year={2021}
}

@inproceedings{demmler2015aby,
  title={ABY-A framework for efficient mixed-protocol secure two-party computation.},
  author={Demmler, Daniel and Schneider, Thomas and Zohner, Michael},
  booktitle={NDSS},
  year={2015}
}

%security analysis
@article{bi2020design,
  title={Design method of secure computing protocol for deep neural network},
  author={Bi, R and Chen, Q and Xiong, J and Liu, X},
  journal={Chin. J. Netw. Inf. Secur},
  volume={6},
  number={4},
  pages={130--139},
  year={2020}
}

@inproceedings{bogdanov2008sharemind,
  title={Sharemind: A framework for fast privacy-preserving computations},
  author={Bogdanov, Dan and Laur, Sven and Willemson, Jan},
  booktitle={Computer Security-ESORICS 2008: 13th European Symposium on Research in Computer Security, M{\'a}laga, Spain, October 6-8, 2008. Proceedings 13},
  pages={192--206},
  year={2008},
  organization={Springer}
}

@article{xu2020privacy,
  title={Privacy-preserving federated deep learning with irregular users},
  author={Xu, Guowen and Li, Hongwei and Zhang, Yun and Xu, Shengmin and Ning, Jianting and Deng, Robert H},
  journal={IEEE Transactions on Dependable and Secure Computing},
  volume={19},
  number={2},
  pages={1364--1381},
  year={2020},
  publisher={IEEE}
}
%DP
@inproceedings{abadi2016deep,
	title={Deep learning with differential privacy},
	author={Abadi, Martin and Chu, Andy and Goodfellow, Ian and McMahan, H Brendan and Mironov, Ilya and Talwar, Kunal and Zhang, Li},
	booktitle={Proceedings of the 2016 ACM SIGSAC conference on computer and communications security},
	pages={308--318},
	year={2016}
}

@inproceedings{jayaraman2019evaluating,
	title={Evaluating differentially private machine learning in practice},
	author={Jayaraman, Bargav and Evans, David},
	booktitle={USENIX Security Symposium},
	year={2019}
}
%MPC 
@inproceedings{bell2020secure,
	title={Secure single-server aggregation with (poly) logarithmic overhead},
	author={Bell, James Henry and Bonawitz, Kallista A and Gasc{\'o}n, Adri{\`a} and Lepoint, Tancr{\`e}de and Raykova, Mariana},
	booktitle={Proceedings of the 2020 ACM SIGSAC Conference on Computer and Communications Security},
	pages={1253--1269},
	year={2020}
}

@inproceedings{mohassel2017secureml,
	title={Secureml: A system for scalable privacy-preserving machine learning},
	author={Mohassel, Payman and Zhang, Yupeng},
	booktitle={2017 IEEE symposium on security and privacy (SP)},
	pages={19--38},
	year={2017},
	organization={IEEE}
}
%TEE
@article{tramer2018slalom,
	title={Slalom: Fast, verifiable and private execution of neural networks in trusted hardware},
	author={Tramer, Florian and Boneh, Dan},
	journal={arXiv preprint arXiv:1806.03287},
	year={2018}
}

@inproceedings{mo2021ppfl,
	title={PPFL: privacy-preserving federated learning with trusted execution environments},
	author={Mo, Fan and Haddadi, Hamed and Katevas, Kleomenis and Marin, Eduard and Perino, Diego and Kourtellis, Nicolas},
	booktitle={Proceedings of the 19th annual international conference on mobile systems, applications, and services},
	pages={94--108},
	year={2021}
}

@article{voigt2017eu,
	title={The eu general data protection regulation (gdpr)},
	author={Voigt, Paul and Von dem Bussche, Axel},
	journal={A Practical Guide, 1st Ed., Cham: Springer International Publishing},
	volume={10},
	number={3152676},
	pages={10--5555},
	year={2017},
	publisher={Springer}
}
@inproceedings{van2018foreshadow,
	title={Foreshadow: Extracting the keys to the Intel SGX kingdom with transient out-of-order execution},
	author={Van Bulck, Jo and Minkin, Marina and Weisse, Ofir and Genkin, Daniel and Kasikci, Baris and Piessens, Frank and Silberstein, Mark and Wenisch, Thomas F and Yarom, Yuval and Strackx, Raoul},
	booktitle={Proceedings fo the 27th USENIX Security Symposium},
	year={2018},
	organization={USENIX Association}
}

@article{ma2022privacy,
	title={Privacy-preserving federated learning based on multi-key homomorphic encryption},
	author={Ma, Jing and Naas, Si-Ahmed and Sigg, Stephan and Lyu, Xixiang},
	journal={International Journal of Intelligent Systems},
	volume={37},
	number={9},
	pages={5880--5901},
	year={2022},
	publisher={Wiley Online Library}
}

@article{li2017multi,
	title={Multi-key privacy-preserving deep learning in cloud computing},
	author={Li, Ping and Li, Jin and Huang, Zhengan and Li, Tong and Gao, Chong-Zhi and Yiu, Siu-Ming and Chen, Kai},
	journal={Future Generation Computer Systems},
	volume={74},
	pages={76--85},
	year={2017},
	publisher={Elsevier}
}

%survey
%HE-based ppfl
@article{asad2020fedopt,
	title={FedOpt: Towards communication efficiency and privacy preservation in federated learning},
	author={Asad, Muhammad and Moustafa, Ahmed and Ito, Takayuki},
	journal={Applied Sciences},
	volume={10},
	number={8},
	pages={2864},
	year={2020},
	publisher={MDPI}
}
@article{chen2020fedhealth,
	title={Fedhealth: A federated transfer learning framework for wearable healthcare},
	author={Chen, Yiqiang and Qin, Xin and Wang, Jindong and Yu, Chaohui and Gao, Wen},
	journal={IEEE Intelligent Systems},
	volume={35},
	number={4},
	pages={83--93},
	year={2020},
	publisher={IEEE}
}
@article{dong2020eastfly,
	title={EaSTFLy: Efficient and secure ternary federated learning},
	author={Dong, Ye and Chen, Xiaojun and Shen, Liyan and Wang, Dakui},
	journal={Computers \& Security},
	volume={94},
	pages={101824},
	year={2020},
	publisher={Elsevier}
}
@article{hao2019efficient,
	title={Efficient and privacy-enhanced federated learning for industrial artificial intelligence},
	author={Hao, Meng and Li, Hongwei and Luo, Xizhao and Xu, Guowen and Yang, Haomiao and Liu, Sen},
	journal={IEEE Transactions on Industrial Informatics},
	volume={16},
	number={10},
	pages={6532--6542},
	year={2019},
	publisher={IEEE}
}
@article{hardy2017private,
	title={Private federated learning on vertically partitioned data via entity resolution and additively homomorphic encryption},
	author={Hardy, Stephen and Henecka, Wilko and Ivey-Law, Hamish and Nock, Richard and Patrini, Giorgio and Smith, Guillaume and Thorne, Brian},
	journal={arXiv preprint arXiv:1711.10677},
	year={2017}
}
@article{aono2017privacy,
	title={Privacy-preserving deep learning via additively homomorphic encryption},
	author={Aono, Yoshinori and Hayashi, Takuya and Wang, Lihua and Moriai, Shiho and others},
	journal={IEEE Transactions on Information Forensics and Security},
	volume={13},
	number={5},
	pages={1333--1345},
	year={2017},
	publisher={IEEE}
}
@inproceedings{zhang2020batchcrypt,
	title={Batchcrypt: Efficient homomorphic encryption for cross-silo federated learning},
	author={Zhang, Chengliang and Li, Suyi and Xia, Junzhe and Wang, Wei and Yan, Feng and Liu, Yang},
	booktitle={Proceedings of the 2020 USENIX Annual Technical Conference (USENIX ATC 2020)},
	year={2020}
}
@inproceedings{zhang2020privacy,
	title={A privacy-preserving and verifiable federated learning scheme},
	author={Zhang, Xianglong and Fu, Anmin and Wang, Huaqun and Zhou, Chunyi and Chen, Zhenzhu},
	booktitle={ICC 2020-2020 IEEE International Conference on Communications (ICC)},
	pages={1--6},
	year={2020},
	organization={IEEE}
}
@article{zhao2020smss,
	title={SMSS: Secure member selection strategy in federated learning},
	author={Zhao, Kun and Xi, Wei and Wang, Zhi and Zhao, Jizhong and Wang, Ruimeng and Jiang, Zhiping},
	journal={IEEE Intelligent Systems},
	volume={35},
	number={4},
	pages={37--49},
	year={2020},
	publisher={IEEE}
}
@article{brakerski2014leveled,
	title={(Leveled) fully homomorphic encryption without bootstrapping},
	author={Brakerski, Zvika and Gentry, Craig and Vaikuntanathan, Vinod},
	journal={ACM Transactions on Computation Theory (TOCT)},
	volume={6},
	number={3},
	pages={1--36},
	year={2014},
	publisher={ACM New York, NY, USA}
}
%survey MPC based ppfl
@inproceedings{mugunthan2019smpai,
	title={Smpai: Secure multi-party computation for federated learning},
	author={Mugunthan, Vaikkunth and Polychroniadou, Antigoni and Byrd, David and Balch, Tucker Hybinette},
	booktitle={Proceedings of the NeurIPS 2019 Workshop on Robust AI in Financial Services},
	year={2019}
}
@article{reich2019privacy,
	title={Privacy-preserving classification of personal text messages with secure multi-party computation},
	author={Reich, Devin and Todoki, Ariel and Dowsley, Rafael and De Cock, Martine and others},
	journal={Advances in Neural Information Processing Systems},
	volume={32},
	year={2019}
}
@inproceedings{sharma2019secure,
	title={Secure and efficient federated transfer learning},
	author={Sharma, Shreya and Xing, Chaoping and Liu, Yang and Kang, Yan},
	booktitle={2019 IEEE international conference on big data (Big Data)},
	pages={2569--2576},
	year={2019},
	organization={IEEE}
}
@article{so2020scalable,
	title={A scalable approach for privacy-preserving collaborative machine learning},
	author={So, Jinhyun and Guler, Basak and Avestimehr, Salman},
	journal={Advances in Neural Information Processing Systems},
	volume={33},
	pages={8054--8066},
	year={2020}
}
@inproceedings{xu2019hybridalpha,
	title={Hybridalpha: An efficient approach for privacy-preserving federated learning},
	author={Xu, Runhua and Baracaldo, Nathalie and Zhou, Yi and Anwar, Ali and Ludwig, Heiko},
	booktitle={Proceedings of the 12th ACM workshop on artificial intelligence and security},
	pages={13--23},
	year={2019}
}
@article{zhu2020privacy,
	title={Privacy-preserving weighted federated learning within oracle-aided MPC framework},
	author={Zhu, Huafei and Li, Zengxiang and Cheah, Mervyn and Goh, Rick Siow Mong},
	journal={arXiv preprint arXiv:2003.07630},
	year={2020}
}
@article{hellman1976new,
	title={New directions in cryptography},
	author={Hellman, Martin},
	journal={IEEE transactions on Information Theory},
	volume={22},
	number={6},
	pages={644--654},
	year={1976}
}
@inproceedings{dwork2006differential,
	title={Differential privacy},
	author={Dwork, Cynthia},
	booktitle={Automata, Languages and Programming: 33rd International Colloquium, ICALP 2006, Venice, Italy, July 10-14, 2006, Proceedings, Part II 33},
	pages={1--12},
	year={2006},
	organization={Springer}
}
@inproceedings{gentry2013homomorphic,
	title={Homomorphic encryption from learning with errors: Conceptually-simpler, asymptotically-faster, attribute-based},
	author={Gentry, Craig and Sahai, Amit and Waters, Brent},
	booktitle={Advances in Cryptology--CRYPTO 2013: 33rd Annual Cryptology Conference, Santa Barbara, CA, USA, August 18-22, 2013. Proceedings, Part I},
	pages={75--92},
	year={2013},
	organization={Springer}
}
@inproceedings{sabt2015trusted,
	title={Trusted execution environment: what it is, and what it is not},
	author={Sabt, Mohamed and Achemlal, Mohammed and Bouabdallah, Abdelmadjid},
	booktitle={2015 IEEE Trustcom/BigDataSE/Ispa},
	volume={1},
	pages={57--64},
	year={2015},
	organization={IEEE}
}
%DP based PPFL
@article{agarwal2018cpsgd,
	title={cpSGD: Communication-efficient and differentially-private distributed SGD},
	author={Agarwal, Naman and Suresh, Ananda Theertha and Yu, Felix Xinnan X and Kumar, Sanjiv and McMahan, Brendan},
	journal={Advances in Neural Information Processing Systems},
	volume={31},
	year={2018}
}
@article{choudhury2019differential,
	title={Differential privacy-enabled federated learning for sensitive health data},
	author={Choudhury, Olivia and Gkoulalas-Divanis, Aris and Salonidis, Theodoros and Sylla, Issa and Park, Yoonyoung and Hsu, Grace and Das, Amar},
	journal={arXiv preprint arXiv:1910.02578},
	year={2019}
}
@article{dubey2020differentially,
	title={Differentially-private federated linear bandits},
	author={Dubey, Abhimanyu and Pentland, AlexSandy'},
	journal={Advances in Neural Information Processing Systems},
	volume={33},
	pages={6003--6014},
	year={2020}
}
@article{geyer2017differentially,
	title={Differentially private federated learning: A client level perspective},
	author={Geyer, Robin C and Klein, Tassilo and Nabi, Moin},
	journal={arXiv preprint arXiv:1712.07557},
	year={2017}
}
@article{hao2019efficient,
	title={Efficient and privacy-enhanced federated learning for industrial artificial intelligence},
	author={Hao, Meng and Li, Hongwei and Luo, Xizhao and Xu, Guowen and Yang, Haomiao and Liu, Sen},
	journal={IEEE Transactions on Industrial Informatics},
	volume={16},
	number={10},
	pages={6532--6542},
	year={2019},
	publisher={IEEE}
}
@inproceedings{hao2019towards,
	title={Towards efficient and privacy-preserving federated deep learning},
	author={Hao, Meng and Li, Hongwei and Xu, Guowen and Liu, Sen and Yang, Haomiao},
	booktitle={ICC 2019-2019 IEEE international conference on communications (ICC)},
	pages={1--6},
	year={2019},
	organization={IEEE}
}
@article{hu2020personalized,
	title={Personalized federated learning with differential privacy},
	author={Hu, Rui and Guo, Yuanxiong and Li, Hongning and Pei, Qingqi and Gong, Yanmin},
	journal={IEEE Internet of Things Journal},
	volume={7},
	number={10},
	pages={9530--9539},
	year={2020},
	publisher={IEEE}
}
@article{rodriguez2020federated,
	title={Federated Learning and Differential Privacy: Software tools analysis, the Sherpa. ai FL framework and methodological guidelines for preserving data privacy},
	author={N Rodríguez-Barroso and  Stipcich, G.  and D Jiménez-López and JA Ruiz-Millán and  Herrera, F. },
	journal={Information Fusion},
	volume={64},
	pages={270--292},
	year={2020},
	publisher={Elsevier}
}
@inproceedings{triastcyn2019federated,
	title={Federated learning with bayesian differential privacy},
	author={Triastcyn, Aleksei and Faltings, Boi},
	booktitle={2019 IEEE International Conference on Big Data (Big Data)},
	pages={2587--2596},
	year={2019},
	organization={IEEE}
}
@article{wei2020federated,
	title={Federated learning with differential privacy: Algorithms and performance analysis},
	author={Wei, Kang and Li, Jun and Ding, Ming and Ma, Chuan and Yang, Howard H and Farokhi, Farhad and Jin, Shi and Quek, Tony QS and Poor, H Vincent},
	journal={IEEE Transactions on Information Forensics and Security},
	volume={15},
	pages={3454--3469},
	year={2020},
	publisher={IEEE}
}
%Survey TEE
@inproceedings{mo2019efficient,
	title={Efficient and private federated learning using tee},
	author={Mo, Fan and Haddadi, Hamed},
	booktitle={Proc. EuroSys Conf., Dresden, Germany},
	year={2019}
}
@inproceedings{mo2020darknetz,
	title={Darknetz: towards model privacy at the edge using trusted execution environments},
	author={Mo, Fan and Shamsabadi, Ali Shahin and Katevas, Kleomenis and Demetriou, Soteris and Leontiadis, Ilias and Cavallaro, Andrea and Haddadi, Hamed},
	booktitle={Proceedings of the 18th International Conference on Mobile Systems, Applications, and Services},
	pages={161--174},
	year={2020}
}
%survey hybrid
@article{choquette2021capc,
	title={Capc learning: Confidential and private collaborative learning},
	author={Choquette-Choo, Christopher A and Dullerud, Natalie and Dziedzic, Adam and Zhang, Yunxiang and Jha, Somesh and Papernot, Nicolas and Wang, Xiao},
	journal={arXiv preprint arXiv:2102.05188},
	year={2021}
}
@inproceedings{truex2019hybrid,
	title={A hybrid approach to privacy-preserving federated learning},
	author={Truex, Stacey and Baracaldo, Nathalie and Anwar, Ali and Steinke, Thomas and Ludwig, Heiko and Zhang, Rui and Zhou, Yi},
	booktitle={Proceedings of the 12th ACM workshop on artificial intelligence and security},
	pages={1--11},
	year={2019}
}
@article{xu2019verifynet,
	title={Verifynet: Secure and verifiable federated learning},
	author={Xu, Guowen and Li, Hongwei and Liu, Sen and Yang, Kan and Lin, Xiaodong},
	journal={IEEE Transactions on Information Forensics and Security},
	volume={15},
	pages={911--926},
	year={2019},
	publisher={IEEE}
}
@inproceedings{xu2019hybridalpha,
	title={Hybridalpha: An efficient approach for privacy-preserving federated learning},
	author={Xu, Runhua and Baracaldo, Nathalie and Zhou, Yi and Anwar, Ali and Ludwig, Heiko},
	booktitle={Proceedings of the 12th ACM workshop on artificial intelligence and security},
	pages={13--23},
	year={2019}
}
@inproceedings{zhang2020privacy,
	title={A privacy-preserving and verifiable federated learning scheme},
	author={Zhang, Xianglong and Fu, Anmin and Wang, Huaqun and Zhou, Chunyi and Chen, Zhenzhu},
	booktitle={ICC 2020-2020 IEEE International Conference on Communications (ICC)},
	pages={1--6},
	year={2020},
	organization={IEEE}
}
@article{zhao2020smss,
	title={SMSS: Secure member selection strategy in federated learning},
	author={Zhao, Kun and Xi, Wei and Wang, Zhi and Zhao, Jizhong and Wang, Ruimeng and Jiang, Zhiping},
	journal={IEEE Intelligent Systems},
	volume={35},
	number={4},
	pages={37--49},
	year={2020},
	publisher={IEEE}
}

%byzantine
@article{hashemi2021byzantine,
	title={Byzantine-robust and privacy-preserving framework for fedml},
	author={Hashemi, Hanieh and Wang, Yongqin and Guo, Chuan and Annavaram, Murali},
	journal={arXiv preprint arXiv:2105.02295},
	year={2021}
}
@inproceedings{khazbak2020mlguard,
	title={Mlguard: Mitigating poisoning attacks in privacy preserving distributed collaborative learning},
	author={Khazbak, Youssef and Tan, Tianxiang and Cao, Guohong},
	booktitle={2020 29th International Conference on Computer Communications and Networks (ICCCN)},
	pages={1--9},
	year={2020},
	organization={IEEE}
}
%survey noniid
@inproceedings{yoshida2020hybrid,
	title={Hybrid-FL for wireless networks: Cooperative learning mechanism using non-IID data},
	author={Yoshida, Naoya and Nishio, Takayuki and Morikura, Masahiro and Yamamoto, Koji and Yonetani, Ryo},
	booktitle={ICC 2020-2020 IEEE International Conference On Communications (ICC)},
	pages={1--7},
	year={2020},
	organization={IEEE}
}
@inproceedings{tuor2021overcoming,
	title={Overcoming noisy and irrelevant data in federated learning},
	author={Tuor, Tiffany and Wang, Shiqiang and Ko, Bong Jun and Liu, Changchang and Leung, Kin K},
	booktitle={2020 25th International Conference on Pattern Recognition (ICPR)},
	pages={5020--5027},
	year={2021},
	organization={IEEE}
}
@article{tanner1987calculation,
	title={The calculation of posterior distributions by data augmentation},
	author={Tanner, Martin A and Wong, Wing Hung},
	journal={Journal of the American statistical Association},
	volume={82},
	number={398},
	pages={528--540},
	year={1987},
	publisher={Taylor \& Francis}
}
@inproceedings{duan2019astraea,
	title={Astraea: Self-balancing federated learning for improving classification accuracy of mobile deep learning applications},
	author={Duan, Moming and Liu, Duo and Chen, Xianzhang and Tan, Yujuan and Ren, Jinting and Qiao, Lei and Liang, Liang},
	booktitle={2019 IEEE 37th international conference on computer design (ICCD)},
	pages={246--254},
	year={2019},
	organization={IEEE}
}
@article{shin2020xor,
	title={Xor mixup: Privacy-preserving data augmentation for one-shot federated learning},
	author={Shin, MyungJae and Hwang, Chihoon and Kim, Joongheon and Park, Jihong and Bennis, Mehdi and Kim, Seong-Lyun},
	journal={arXiv preprint arXiv:2006.05148},
	year={2020}
}
@inproceedings{yoonfedmix,
	title={FedMix: Approximation of Mixup under Mean Augmented Federated Learning},
	author={Yoon, Tehrim and Shin, Sumin and Hwang, Sung Ju and Yang, Eunho},
	booktitle={International Conference on Learning Representations}
}
@article{hanzely2020federated,
	title={Federated learning of a mixture of global and local models},
	author={Hanzely, Filip and Richt{\'a}rik, Peter},
	journal={arXiv preprint arXiv:2002.05516},
	year={2020}
}
@article{t2020personalized,
	title={Personalized federated learning with moreau envelopes},
	author={T Dinh, Canh and Tran, Nguyen and Nguyen, Josh},
	journal={Advances in Neural Information Processing Systems},
	volume={33},
	pages={21394--21405},
	year={2020}
}
@inproceedings{huang2021personalized,
	title={Personalized cross-silo federated learning on non-iid data},
	author={Huang, Yutao and Chu, Lingyang and Zhou, Zirui and Wang, Lanjun and Liu, Jiangchuan and Pei, Jian and Zhang, Yong},
	booktitle={Proceedings of the AAAI Conference on Artificial Intelligence},
	volume={35},
	number={9},
	pages={7865--7873},
	year={2021}
}
@article{arivazhagan2019federated,
	title={Federated learning with personalization layers},
	author={Arivazhagan, Manoj Ghuhan and Aggarwal, Vinay and Singh, Aaditya Kumar and Choudhary, Sunav},
	journal={arXiv preprint arXiv:1912.00818},
	year={2019}
}
@article{liang2020think,
	title={Think locally, act globally: Federated learning with local and global representations},
	author={Liang, Paul Pu and Liu, Terrance and Ziyin, Liu and Allen, Nicholas B and Auerbach, Randy P and Brent, David and Salakhutdinov, Ruslan and Morency, Louis-Philippe},
	journal={arXiv preprint arXiv:2001.01523},
	year={2020}
}
@article{smith2017federated,
	title={Federated multi-task learning},
	author={Smith, Virginia and Chiang, Chao-Kai and Sanjabi, Maziar and Talwalkar, Ameet S},
	journal={Advances in neural information processing systems},
	volume={30},
	year={2017}
}
@article{corinzia2019variational,
	title={Variational federated multi-task learning},
	author={Corinzia, Luca and Beuret, Ami and Buhmann, Joachim M},
	journal={arXiv preprint arXiv:1906.06268},
	year={2019}
}
@inproceedings{buciluǎ2006model,
	title={Model compression},
	author={Buciluǎ, Cristian and Caruana, Rich and Niculescu-Mizil, Alexandru},
	booktitle={Proceedings of the 12th ACM SIGKDD international conference on Knowledge discovery and data mining},
	pages={535--541},
	year={2006}
}
@article{ghosh2022efficient,
	title={An efficient framework for clustered federated learning},
	author={Ghosh, Avishek and Chung, Jichan and Yin, Dong and Ramchandran, Kannan},
	journal={IEEE Transactions on Information Theory},
	volume={68},
	number={12},
	pages={8076--8091},
	year={2022},
	publisher={IEEE}
}
@article{kopparapu2020fedfmc,
	title={Fedfmc: Sequential efficient federated learning on non-iid data},
	author={Kopparapu, Kavya and Lin, Eric},
	journal={arXiv preprint arXiv:2006.10937},
	year={2020}
}
@article{sattler2020clustered,
	title={Clustered federated learning: Model-agnostic distributed multitask optimization under privacy constraints},
	author={Sattler, Felix and M{\"u}ller, Klaus-Robert and Samek, Wojciech},
	journal={IEEE transactions on neural networks and learning systems},
	volume={32},
	number={8},
	pages={3710--3722},
	year={2020},
	publisher={IEEE}
}
@article{dempster1977maximum,
	title={Maximum likelihood from incomplete data via the EM algorithm},
	author={Dempster, Arthur P and Laird, Nan M and Rubin, Donald B},
	journal={Journal of the royal statistical society: series B (methodological)},
	volume={39},
	number={1},
	pages={1--22},
	year={1977},
	publisher={Wiley Online Library}
}
@inproceedings{bhagoji2019analyzing,
	title={Analyzing federated learning through an adversarial lens},
	author={Bhagoji, Arjun Nitin and Chakraborty, Supriyo and Mittal, Prateek and Calo, Seraphin},
	booktitle={International Conference on Machine Learning},
	pages={634--643},
	year={2019},
	organization={PMLR}
}
@article{devlin2018bert,
	title={Bert: Pre-training of deep bidirectional transformers for language understanding},
	author={Devlin, Jacob and Chang, Ming-Wei and Lee, Kenton and Toutanova, Kristina},
	journal={arXiv preprint arXiv:1810.04805},
	year={2018}
}
@inproceedings{zhu2020neural,
	title={Neural architecture search for microscopy cell segmentation},
	author={Zhu, Yanming and Meijering, Erik},
	booktitle={Machine Learning in Medical Imaging: 11th International Workshop, MLMI 2020, Held in Conjunction with MICCAI 2020, Lima, Peru, October 4, 2020, Proceedings 11},
	pages={542--551},
	year={2020},
	organization={Springer}
}
@article{yin20193d,
	title={3D fingerprint recognition based on ridge-valley-guided 3D reconstruction and 3D topology polymer feature extraction},
	author={Yin, Xuefei and Zhu, Yanming and Hu, Jiankun},
	journal={IEEE transactions on pattern analysis and machine intelligence},
	volume={43},
	number={3},
	pages={1085--1091},
	year={2019},
	publisher={IEEE}
}
@article{silver2017mastering,
	title={Mastering the game of go without human knowledge},
	author={Silver, David and Schrittwieser, Julian and Simonyan, Karen and Antonoglou, Ioannis and Huang, Aja and Guez, Arthur and Hubert, Thomas and Baker, Lucas and Lai, Matthew and Bolton, Adrian and others},
	journal={nature},
	volume={550},
	number={7676},
	pages={354--359},
	year={2017},
	publisher={Nature Publishing Group}
}
@article{hu2016energy,
	title={Energy big data analytics and security: challenges and opportunities},
	author={Hu, Jiankun and Vasilakos, Athanasios V},
	journal={IEEE Transactions on Smart Grid},
	volume={7},
	number={5},
	pages={2423--2436},
	year={2016},
	publisher={IEEE}
}
@article{chik2013singapore,
	title={The Singapore Personal Data Protection Act and an assessment of future trends in data privacy reform},
	author={Chik, Warren B},
	journal={Computer Law \& Security Review},
	volume={29},
	number={5},
	pages={554--575},
	year={2013},
	publisher={Elsevier}
}
@inproceedings{song2017machine,
	title={Machine learning models that remember too much},
	author={Song, Congzheng and Ristenpart, Thomas and Shmatikov, Vitaly},
	booktitle={Proceedings of the 2017 ACM SIGSAC Conference on computer and communications security},
	pages={587--601},
	year={2017}
}
@inproceedings{dwork2006calibrating,
	title={Calibrating noise to sensitivity in private data analysis},
	author={Dwork, Cynthia and McSherry, Frank and Nissim, Kobbi and Smith, Adam},
	booktitle={Theory of Cryptography: Third Theory of Cryptography Conference, TCC 2006, New York, NY, USA, March 4-7, 2006. Proceedings 3},
	pages={265--284},
	year={2006},
	organization={Springer}
}
@inproceedings{mcsherry2007mechanism,
	title={Mechanism design via differential privacy},
	author={McSherry, Frank and Talwar, Kunal},
	booktitle={48th Annual IEEE Symposium on Foundations of Computer Science (FOCS'07)},
	pages={94--103},
	year={2007},
	organization={IEEE}
}
@Article{20181981,
	title = {本地化差分隐私研究综述},
	author = {叶青青 and 孟小峰 and 朱敏杰 and 霍峥},
	journal = {软件学报},
	volume = {29},
	number = {7},
	pages = {1981},
	numpages = {25.0000},
	year = {2018},
	month = {},
	doi = {10.13328/j.cnki.jos.005364},
	publisher = {科学出版社},
	language = {zh}
}
@article{liuyixian2022FL,   
	title={联邦学习中的隐私保护技术},   
	author={刘艺璇 and 陈红 and 刘宇涵 and 李翠平},   
	journal={软件学报},   
	number={003},   
	pages={033},   
	year={2022}, 
	language = {zh},
}
@article{rivest1978data,
	title={On data banks and privacy homomorphisms},
	author={Rivest, Ronald L and Adleman, Len and Dertouzos, Michael L and others},
	journal={Foundations of secure computation},
	volume={4},
	number={11},
	pages={169--180},
	year={1978},
	publisher={Citeseer}
}
@article{rabin1981how,
	title={How to exchange secrets by oblivious transfer},
	author={Rabin, Michael O},
	journal={Technical Memo TR-81},
	pages={187},
	year={1981}
}
@inproceedings{yao1986how,
	title={How to generate and exchange secrets},
	author={Yao, Andrew Chi-Chih},
	booktitle={27th Annual Symposium on Foundations of Computer Science (sfcs 1986)},
	pages={162--167},
	year={1986},
	organization={IEEE}
}
@inproceedings{costan2016intel, title={Intel SGX explained}, author={Costan, Victor and Lebedev, Ilia and Devadas, Srinivas}, booktitle={IACR Cryptology ePrint Archive}, volume={2016}, pages={86}, year={2016} }
@inproceedings{paillier1999public, title={Public-key cryptosystems based on composite degree residuosity classes}, author={Paillier, Pascal}, booktitle={International conference on the theory and applications of cryptographic techniques}, pages={223–238}, year={1999}, organization={Springer} }
@inproceedings{kawachi2007multi,
	title={Multi-bit cryptosystems based on lattice problems},
	author={Kawachi, Akinori and Tanaka, Keisuke and Xagawa, Keita},
	booktitle={Public Key Cryptography--PKC 2007: 10th International Conference on Practice and Theory in Public-Key Cryptography Beijing, China, April 16-20, 2007. Proceedings 10},
	pages={315--329},
	year={2007},
	organization={Springer}
}
@article{elgamal1985public,
	title={A public key cryptosystem and a signature scheme based on discrete logarithms},
	author={ElGamal, Taher},
	journal={IEEE transactions on information theory},
	volume={31},
	number={4},
	pages={469--472},
	year={1985},
	publisher={IEEE}
}
@inproceedings{van2010fully, title={Fully homomorphic encryption over the integers}, author={Van Dijk, Marten and Gentry, Craig and Halevi, Shai and Vaikuntanathan, Vinod}, booktitle={Annual International Conference on the Theory and Applications of Cryptographic Techniques}, pages={24–43}, year={2010}, organization={Springer} }
@article{zhai2021byzantine, title={Byzantine-Robust Federated Learning via Credibility-Aware Aggregation}, author={Zhai, Zhiqiang and Ren, Yongjian and Zhang, Xingming and Wang, Yilun}, journal={arXiv preprint arXiv:2109.02396}, year={2021} }

@article{zhai2021byzantine2, title={Byzantine-robust federated learning via credibility assessment on non-iid data}, author={Zhai, Zhiqiang and Ren, Yongjian and Zhang, Xingming and Wang, Yilun}, journal={IEEE Transactions on Neural Networks and Learning Systems}, year={2021}, publisher={IEEE} }

@inproceedings{zhai2020byzantine, title={Byzantine-Robust Federated Learning via Credibility Assessment on Non-IID Data (BRCA)}, author={Zhai, Zhiqiang and Ren, Yongjian and Zhang, Xingming and Wang, Yilun}, booktitle={Proceedings of the AAAI Conference on Artificial Intelligence}, volume={34}, number={04}, pages={5444–5451}, year={2020} }

@article{yoshida2019hybrid,
	title={Hybrid-fl: Cooperative learning mechanism using non-iid data in wireless networks},
	author={Yoshida, Naoya and Nishio, Takayuki and Morikura, Masahiro and Yamamoto, Koji and Yonetani, Ryo},
	journal={arXiv preprint arXiv:1905.07210},
	year={2019}
}
%trust zone
@article{pinto2019demystifying,
	title={Demystifying arm trustzone: A comprehensive survey},
	author={Pinto, Sandro and Santos, Nuno},
	journal={ACM computing surveys (CSUR)},
	volume={51},
	number={6},
	pages={1--36},
	year={2019},
	publisher={ACM New York, NY, USA}
}
@article{costan2016intel,
	title={Intel SGX explained},
	author={Costan, Victor and Devadas, Srinivas},
	journal={Cryptology ePrint Archive},
	year={2016}
}

@inproceedings{karimireddy2020scaffold,
	title={Scaffold: Stochastic controlled averaging for federated learning},
	author={Karimireddy, Sai Praneeth and Kale, Satyen and Mohri, Mehryar and Reddi, Sashank and Stich, Sebastian and Suresh, Ananda Theertha},
	booktitle={International Conference on Machine Learning},
	pages={5132--5143},
	year={2020},
	organization={PMLR}
}

@inproceedings{noble2022differentially,
	title={Differentially private federated learning on heterogeneous data},
	author={Noble, Maxence and Bellet, Aur{\'e}lien and Dieuleveut, Aymeric},
	booktitle={International Conference on Artificial Intelligence and Statistics},
	pages={10110--10145},
	year={2022},
	organization={PMLR}
}
%ARI
@article{hubert1985comparing,
	title={Comparing partitions},
	author={Hubert, Lawrence and Arabie, Phipps},
	journal={Journal of classification},
	volume={2},
	number={1},
	pages={193--218},
	year={1985},
	publisher={Springer}
}
%RI
@article{rand1971objective,
	title={Objective criteria for the evaluation of clustering methods},
	author={Rand, William M},
	journal={Journal of the American Statistical Association},
	volume={66},
	number={336},
	pages={846--850},
	year={1971},
	publisher={Taylor \& Francis}
}
@article{zhu2021fedsurvey,
	title={Federated learning on non-IID data: A survey},
	author={Zhu, Hangyu and Xu, Jinjin and Liu, Shiqing and Jin, Yaochu},
	journal={Neurocomputing},
	volume={465},
	pages={371--390},
	year={2021},
	publisher={Elsevier}
}
@ARTICLE{comments,
	author={Schneider, Thomas and Suresh, Ajith and Yalame, Hossein},
	journal={IEEE Transactions on Information Forensics and Security}, 
	title={Comments on “Privacy-Enhanced Federated Learning Against Poisoning Adversaries”}, 
	year={2023},
	volume={18},
	number={},
	pages={1407-1409},
	doi={10.1109/TIFS.2023.3238544}
}
@misc{lattigo,
	title = {Lattigo v4},
	howpublished = {Online: \url{https://github.com/tuneinsight/lattigo}},
	month = Aug,
	year = 2022,
	note = {EPFL-LDS, Tune Insight SA}
}
